% Encoding: UTF-8

@Article{Jenkins1991,
  author    = {R. Jenkins and R. Manne and R. Robin and C. Senemaud},
  journal   = {Pure and Applied Chemistry},
  title     = {Nomenclature, symbols, units and their usage in spectrochemical analysis - {VIII}. Nomenclature system for X-ray spectroscopy (Recommendations 1991)},
  year      = {1991},
  month     = jan,
  number    = {5},
  pages     = {735--746},
  volume    = {63},
  doi       = {10.1351/pac199163050735},
  publisher = {Walter de Gruyter {GmbH}},
}

@Manual{OxfPhys2010,
  title        = {SS16: X-ray diffraction},
  author       = {{Oxford Physics}},
  month        = oct,
  organization = {Oxford Physics},
  year         = {2010},
}

@Misc{cassylab2,
  author    = {{LD DIDACTIC GmbH}},
  note      = {Version 2.24.10378},
  title     = {{Cassy} {Lab} 2},
  year      = {2010--2021},
  owner     = {LD DIDACTIC GmbH},
  timestamp = {2021},
  url       = {https://www.ld-didactic.de/en/products-solutions/data-logging-and-measuring-technology/cassy-software.html},
}

@Comment{jabref-meta: databaseType:bibtex;}
